@misc{Bosted_fit,
      author         = "P. Bosted and others",
 howpublished = {\url{https://userweb.jlab.org/~bosted/fits.html}}
}%Bosted fit, codes



@article{Bosted:2007xd,
      author         = "Bosted, P. E. and Christy, M. E.",
      title          = "{Empirical fit to inelastic electron-deuteron and
                        electron-neutron resonance region transverse
                        cross-sections}",
      journal        = "Phys. Rev.",
      volume         = "C77",
      year           = "2008",
      pages          = "065206",
      doi            = "10.1103/PhysRevC.77.065206",
      eprint         = "0711.0159",
      archivePrefix  = "arXiv",
      primaryClass   = "hep-ph",
      reportNumber   = "JLAB-PHY-07-744",
      SLACcitation   = "%%CITATION = ARXIV:0711.0159;%%"
}%Bosted QE-param

@article{Amaro:2004bs,
      author         = "Amaro, Jose Enrique and Barbaro, M. B. and Caballero, J.
                        A. and Donnelly, T. W. and Molinari, A. and Sick, I.",
      title          = "{Using electron scattering superscaling to predict
                        charge-changing neutrino cross sections in nuclei}",
      journal        = "Phys. Rev.",
      volume         = "C71",
      year           = "2005",
      pages          = "015501",
      doi            = "10.1103/PhysRevC.71.015501",
      eprint         = "nucl-th/0409078",
      archivePrefix  = "arXiv",
      primaryClass   = "nucl-th",
      SLACcitation   = "%%CITATION = NUCL-TH/0409078;%%"
}%QE el-nucleus xsect parametrization. Scaling

@article{Alberico:1988bv,
      author         = "Alberico, W. M. and Molinari, A. and Donnelly, T. W. and
                        Kronenberg, E. L. and Van Orden, J. W.",
      title          = "{Scaling in electron scattering from a relativistic Fermi
                        gas}",
      journal        = "Phys. Rev.",
      volume         = "C38",
      year           = "1988",
      pages          = "1801-1810",
      doi            = "10.1103/PhysRevC.38.1801",
      reportNumber   = "MIT-CTP-1569, CEBAF-TH-88-01",
      SLACcitation   = "%%CITATION = PHRVA,C38,1801;%%"
}%Scaling. FQE. \Delta-parametr


@article{Donnelly:1998xg,
      author         = "Donnelly, T. W. and Sick, Ingo",
      title          = "{Superscaling in inclusive electron - nucleus
                        scattering}",
      journal        = "Phys. Rev. Lett.",
      volume         = "82",
      year           = "1999",
      pages          = "3212-3215",
      doi            = "10.1103/PhysRevLett.82.3212",
      eprint         = "nucl-th/9809063",
      archivePrefix  = "arXiv",
      primaryClass   = "nucl-th",
      reportNumber   = "MIT-CTP-2780",
      SLACcitation   = "%%CITATION = NUCL-TH/9809063;%%"
}%Scaling FQE


@article{Bosted:1994tm,
      author         = "Bosted, Peter E.",
      title          = "{An Empirical fit to the nucleon electromagnetic
                        form-factors}",
      journal        = "Phys. Rev.",
      volume         = "C51",
      year           = "1995",
      pages          = "409-411",
      doi            = "10.1103/PhysRevC.51.409",
      reportNumber   = "SLAC-PUB-6651",
      SLACcitation   = "%%CITATION = PHRVA,C51,409;%%"
}


@article{Fed_an_note:2007,
      author         = "G. V. Fedotov and others",
      title          = "\href{https://misportal.jlab.org/ul/physics/hall-b/clas/viewFile.cfm/2007-117.pdf?documentId=755}{Analysis report on the $ep \rightarrow e'p \pi^{+}\pi^{-}$ reaction in the CLAS detector with a 1.515 GeV beam for  $0.2 <Q^{2} < 0.6$ GeV$^{2}$ and $1.3 < W < 1.6$ GeV}",
      ee = {https://misportal.jlab.org/ul/physics/hall-b/clas/viewFile.cfm/2007-117.pdf?documentId=755},
      journal   = "CLAS-Analysis-2007-117",
      collaboration  = "CLAS",
      year           = "2007",
}%old Gleb's note

@article{Fedotov:2008aa,
      author         = "Fedotov, G. V. and others",
      title          = "{Electroproduction of $p\pi^+\pi^-$ off protons at $0.2 < Q^2
                        < 0.6$~GeV$^2$ and $1.3 < W < 1.57$~GeV with CLAS}",
      collaboration  = "CLAS",
      journal        = "Phys. Rev.",
      volume         = "C79",
      year           = "2009",
      pages          = "015204",
      doi            = "10.1103/PhysRevC.79.015204",
      eprint         = "0809.1562",
      archivePrefix  = "arXiv",
      primaryClass   = "nucl-ex",
      reportNumber   = "JLAB-PHY-08-871",
      SLACcitation   = "%%CITATION = ARXIV:0809.1562;%%"
}% Fedotov, data old

@article{Fed_an_note:2017,
      author         = "G. V. Fedotov and others",
      title          = "\href{https://misportal.jlab.org/ul/Physics/Hall-B/clas/viewFile.cfm/2018-001.pdf?documentId=776}{Analysis report on the $ep \rightarrow e'p \pi^{+}\pi^{-}$ reaction in the CLAS detector with a 2.039 GeV}",
      ee = {https://misportal.jlab.org/ul/Physics/Hall-B/clas/viewFile.cfm/2018-001.pdf?documentId=776},
      journal   = "CLAS-Analysis-2017-101 (CLAS-NOTE-2018-001)",
      collaboration  = "CLAS",
      year           = "2017",
}%Fed new note



@article{Fedotov:2018oan,
      author         = "Fedotov, G. V. and others",
      title          = "{Measurements of the $\gamma_{v} p \rightarrow p' \pi^{+}
                        \pi^{-}$ cross section with the CLAS detector for $0.4$
                        GeV$^{2}$ $< Q^{2} <$ $1.0$ GeV$^{2}$ and $1.3$ GeV $< W
                        <$ $1.825$ GeV}",
      collaboration  = "CLAS",
      journal        = "Phys. Rev.",
      volume         = "C98",
      year           = "2018",
      number         = "2",
      pages          = "025203",
      doi            = "10.1103/PhysRevC.98.025203",
      eprint         = "1804.05136",
      archivePrefix  = "arXiv",
      primaryClass   = "nucl-ex",
      SLACcitation   = "%%CITATION = ARXIV:1804.05136;%%"
}

@article{Isupov_note,
      author         = "Isupov, E. L. and others",
      title          = "\href{https://www.jlab.org/Hall-B/shifts/index.php?display=admin&task=paper_review&rid=4600762&operation=view}{Analysis report on the $e p \to ep \pi^+ \pi^-$ reaction in the CLAS detector with a 5.754 GeV beam for $2.0
                       < Q^2 < 5.0$ GeV$^2$ and $1.40< W < 2.0$ GeV}",
      ee = {https://www.jlab.org/Hall-B/shifts/index.php?display=admin&task=paper_review&rid=4600762&operation=view},
      journal   = "CLAS-Analysis-2016",
      collaboration  = "CLAS",
      year           = "2016",
}%Isupov's note

@article{Isupov:2017lnd,
      author         = "Isupov, E. L. and others",
      title          = "{Measurements of $e p \to e' \pi^+ \pi^- p'$ Cross
                        Sections with CLAS at $1.40$ GeV $< W < 2.0$ GeV and $2.0$
                        GeV$^2$ $< Q^2 < 5.0$ GeV$^2$}",
      collaboration  = "CLAS",
      journal        = "Phys. Rev.",
      volume         = "C96",
      year           = "2017",
      number         = "2",
      pages          = "025209",
      doi            = "10.1103/PhysRevC.96.025209",
      eprint         = "1705.01901",
      archivePrefix  = "arXiv",
      primaryClass   = "nucl-ex",
      reportNumber   = "JLAB-PHY-17-2453",
      SLACcitation   = "%%CITATION = ARXIV:1705.01901;%%"
}%Isupov's paper

@article{Bodek:2014pka,
      author         = "Bodek, A. and Christy, M. E. and Coopersmith, B.",
      title          = "{Effective Spectral Function for Quasielastic Scattering
                        on Nuclei}",
      journal        = "Eur. Phys. J.",
      volume         = "C74",
      year           = "2014",
      number         = "10",
      pages          = "3091",
      doi            = "10.1140/epjc/s10052-014-3091-0",
      eprint         = "1405.0583",
      archivePrefix  = "arXiv",
      primaryClass   = "hep-ph",
      SLACcitation   = "%%CITATION = ARXIV:1405.0583;%%"
}%FQE Scaling


@article{Durand:1959zz,
      author         = "Durand, Loyal",
      title          = "{Inelastic Electron-Deuteron Scattering Cross Sections at
                        High Energies}",
      journal        = "Phys. Rev.",
      volume         = "115",
      year           = "1959",
      pages          = "1020-1038",
      doi            = "10.1103/PhysRev.115.1020",
      SLACcitation   = "%%CITATION = PHRVA,115,1020;%%"
}%Durand peak approx I


@article{Durand:1961zz,
      author         = "Durand, Loyal",
      title          = "{Inelastic Electron-Deuteron Scattering Cross Sections at
                        High Energies. 2. Final-State Interactions and
                        Relativistic Corrections}",
      journal        = "Phys. Rev.",
      volume         = "123",
      year           = "1961",
      pages          = "1393-1422",
      doi            = "10.1103/PhysRev.123.1393",
      SLACcitation   = "%%CITATION = PHRVA,123,1393;%%"
}%Durand peak approx II

@article{Kocevar:1967,
      author         = "Kocevar, P.",
      title          = "{A Semirelativistic Calculation of the Deuteron Electrodisintegration at the QuasMastic Peak}",
      journal        = "Zeitschrift fur Physik",
      volume         = "209",
      year           = "1968",
      pages          = "457-469",
}%Kocevar peak approx 

@article{Hanson:1973vf,
      author         = "Hanson, K. M. and Dunning, J. R. and Goitein, M. and
                        Kirk, T. and Price, L. E. and Wilson, R.",
      title          = "{Large angle quasielastic electron-deuteron scattering}",
      journal        = "Phys. Rev.",
      volume         = "D8",
      year           = "1973",
      pages          = "753-778",
      doi            = "10.1103/PhysRevD.8.753",
      SLACcitation   = "%%CITATION = PHRVA,D8,753;%%"
}%Hanson, d qe-data


@article{Budnitz:1969dt,
      author         = "Budnitz, R. J. and others",
      title          = "{Neutron form-factors from quasielastic electron deuteron
                        scattering}",
      journal        = "Phys. Rev.",
      volume         = "173",
      year           = "1968",
      pages          = "1357-1390",
      doi            = "10.1103/PhysRev.173.1357",
      SLACcitation   = "%%CITATION = PHRVA,173,1357;%%"
}% Bunditz, peak approx

@article{Rock:1991jy,
      author         = "Rock, Stephen and Arnold, R. G. and Bosted, Peter E. and
                        Chertok, B. T. and Mecking, B. A. and Schmidt, I. A. and
                        Szalata, Z. M. and York, R. and Zdarko, R.",
      title          = "{Measurement of elastic electron - neutron scattering and
                        inelastic electron - deuteron scattering cross-sections at
                        high momentum transfer}",
      journal        = "Phys. Rev.",
      volume         = "D46",
      year           = "1992",
      pages          = "24-44",
      doi            = "10.1103/PhysRevD.46.24",
      reportNumber   = "SLAC-PUB-5239",
      SLACcitation   = "%%CITATION = PHRVA,D46,24;%%"
}%Rock, d qe-data




@article{Rock_SLAC,
      author         = "S. Rock and others",
      title          = "\href{https://pdfs.semanticscholar.org/3f30/276d2138725ef598a9b9ca73bd339a3722e2.pdf}{Measurement of elastic electron - neutron scattering and inelastic electron - deuteron scattering cross-sections at high momentum transfer}",
      ee = {https://pdfs.semanticscholar.org/3f30/276d2138725ef598a9b9ca73bd339a3722e2.pdf},
      journal   = "SLAC-PUB-5239",
      collaboration  = "SLAC",
      year           = "1991",
}%Rock, d qe-data


@article{Mo:1968cg,
      author         = "Mo, Luke W. and Tsai, Yung-Su",
      title          = "{Radiative Corrections to Elastic and Inelastic $e p$ and
                        $\mu p$ Scattering}",
      journal        = "Rev.Mod.Phys.",
      volume         = "41",
      pages          = "205-235",
      doi            = "10.1103/RevModPhys.41.205",
      year           = "1969",
      reportNumber   = "SLAC-PUB-0380",
      SLACcitation   = "%%CITATION = RMPHA,41,205;%%",
}%Mo&Tsai


@article{QUEGG,
      author         = "G.P. Gilfoyle, J.D. Lachniet, and O. Alam",
      title          = "\href{https://misportal.jlab.org/mis/physics/clas12/viewFile.cfm/2014-007.pdf?documentId=15}{QUEEG: A Monte Carlo Event Generator for Quasielastic Scattering on Deuterium}",
      ee = {https://misportal.jlab.org/mis/physics/clas12/viewFile.cfm/2014-007.pdf?documentId=15},
      journal   = "{\normalfont CLAS12-NOTE-2014-007}",
      collaboration  = "CLAS",
      year           = "2014",
}%QUEGG

@article{Osipenko:2005gt,
      author         = "Osipenko, M. and others",
      title          = "{Measurement of the deuteron structure function F(2) in
                        the resonance region and evaluation of its moments}",
      collaboration  = "CLAS",
      journal        = "Phys. Rev.",
      volume         = "C73",
      year           = "2006",
      pages          = "045205",
      doi            = "10.1103/PhysRevC.73.045205",
      eprint         = "hep-ex/0506004",
      archivePrefix  = "arXiv",
      primaryClass   = "hep-ex",
      reportNumber   = "JLAB-PHY-05-36",
      SLACcitation   = "%%CITATION = HEP-EX/0506004;%%"
}% osipenko F2 function deuteron


@article{Osipenko_f2note,
      author         = "Osipenko, M. and others",
      title          = "\href{https://arxiv.org/abs/hep-ex/0507098}{The deuteron structure function $F_{2}$ with CLAS}",
      ee = {https://arxiv.org/abs/hep-ex/0507098},
      journal   = "{\normalfont CLAS-NOTE-2005-013}",
      collaboration  = "CLAS",
      year           = "2005, arXiv:hep-ex/0507098",
      eprint         = "050709",
      archivePrefix  = "arXiv",
      primaryClass   = "hep-ex"
}%Isupov's note



@book{Povh:1995mua,
      author         = "Povh, B. and Rith, K. and Scholz, C. and Zersche, F.",
      title          = "{Particles and nuclei: An Introduction to the physical
                        concepts}",
      publisher      = "Springer",
      year           = "1995",
      series         = "Graduate Texts in Physics",
      doi            = "10.1007/3-540-36684-9, 10.1007/978-3-662-46321-5",
      ISBN           = "9783662463208, 9783662463215",
      SLACcitation   = "%%CITATION = INSPIRE-406191;%%"
}%book



@book{Halzen:1984mc,
      author         = "Halzen, F. and Martin, Alan D.",
      title          = "{QUARKS AND LEPTONS: AN INTRODUCTORY COURSE IN MODERN
                        PARTICLE PHYSICS}",
      journal        = "New York, Usa: Wiley ( 1984) 396p",
      year           = "1984",
      ISBN           = "0471887412, 9780471887416",
      SLACcitation   = "%%CITATION = INSPIRE-205394;%%"
}% halzen, martin

@book{Close:1979bt,
      author         = "Close, F. E.",
      title          = "{An Introduction to Quarks and Partons}",
      journal        = "Academic Press/london 1979, 481p",
      year           = "1979",
      ISBN           = "9780121751524",
      SLACcitation   = "%%CITATION = INSPIRE-145532;%%"
}%Close

@article{Goitein:1970pz,
      author         = "Goitein, M. and Budnitz, R. J. and Carroll, L. and Chen,
                        J. R. and Dunning, J. R. and Hanson, K. and Imrie, D. C.
                        and Mistretta, C. and Wilson, R.",
      title          = "{Elastic electron-proton scattering cross-sections
                        measured by a coincidence technique}",
      journal        = "Phys. Rev.",
      volume         = "D1",
      year           = "1970",
      pages          = "2449-2476",
      doi            = "10.1103/PhysRevD.1.2449",
      SLACcitation   = "%%CITATION = PHRVA,D1,2449;%%"
}%ep elast exp1

@article{Sill:1992qw,
      author         = "Sill, A. F. and others",
      title          = "{Measurements of elastic electron - proton scattering at
                        large momentum transfer}",
      journal        = "Phys. Rev.",
      volume         = "D48",
      year           = "1993",
      pages          = "29-55",
      doi            = "10.1103/PhysRevD.48.29",
      reportNumber   = "SLAC-PUB-4395",
      SLACcitation   = "%%CITATION = PHRVA,D48,29;%%"
}%ep elast exp2


@article{Christy:2004rc,
      author         = "Christy, M. E. and others",
      title          = "{Measurements of electron proton elastic cross-sections
                        for 0.4$~<~Q^2~<$ 5.5 (GeV/c)$^2$}",
      collaboration  = "E94110",
      journal        = "Phys. Rev.",
      volume         = "C70",
      year           = "2004",
      pages          = "015206",
      doi            = "10.1103/PhysRevC.70.015206",
      eprint         = "nucl-ex/0401030",
      archivePrefix  = "arXiv",
      primaryClass   = "nucl-ex",
      reportNumber   = "JLAB-PHY-04-216",
      SLACcitation   = "%%CITATION = NUCL-EX/0401030;%%"
}%ep elast exp3

